<record><leader>00000cas a22000007a 4500</leader><controlfield tag="001">16918851</controlfield><controlfield tag="008">871030d18701uuupauwr ne      0    0eng d</controlfield><datafield ind1=" " ind2=" " tag="010"><subfield code="a">sn 88080698 </subfield></datafield><datafield ind1=" " ind2=" " tag="040"><subfield code="a">NPH</subfield><subfield code="b">eng</subfield><subfield code="c">NPH</subfield><subfield code="d">OCLCQ</subfield></datafield><datafield ind1=" " ind2=" " tag="042"><subfield code="a">msc</subfield></datafield><datafield ind1="0" ind2=" " tag="130"><subfield code="a">Norristown herald and free press (Norristown, Pa. : 1870)</subfield></datafield><datafield ind1="1" ind2="0" tag="245"><subfield code="a">Norristown herald and free press.</subfield></datafield><datafield ind1="3" ind2="0" tag="246"><subfield code="a">Herald and free press</subfield></datafield><datafield ind1=" " ind2=" " tag="260"><subfield code="a">Norristown, Pa. :</subfield><subfield code="b">Morgan R. Wills,</subfield><subfield code="c">1870-</subfield></datafield><datafield ind1=" " ind2=" " tag="300"><subfield code="a">v. :</subfield><subfield code="b">ill.</subfield></datafield><datafield ind1=" " ind2=" " tag="310"><subfield code="a">Weekly</subfield></datafield><datafield ind1="0" ind2=" " tag="362"><subfield code="a">New ser., v. 7, no. 13 (Dec. 29, 1870)-</subfield></datafield><datafield ind1=" " ind2=" " tag="500"><subfield code="a">"Norristown" appears above masthead ornament.</subfield></datafield><datafield ind1=" " ind2=" " tag="500"><subfield code="a">"Republican," &lt;1876&gt;</subfield></datafield><datafield ind1=" " ind2=" " tag="752"><subfield code="a">United States</subfield><subfield code="b">Pennsylvania</subfield><subfield code="c">Montgomery</subfield><subfield code="d">Norristown.</subfield></datafield><datafield ind1="0" ind2=" " tag="775"><subfield code="t">Norristown daily herald</subfield><subfield code="w">(DLC)sn 84026045</subfield></datafield><datafield ind1="0" ind2="0" tag="780"><subfield code="t">Herald and free press (Norristown, Pa. : 1868)</subfield><subfield code="w">(DLC)sn 86053786</subfield></datafield></record>